<record><leader>00000cas a22000007a 4500</leader><controlfield tag="001">10044141</controlfield><controlfield tag="008">831021d18711901nyucr ne      0    0eng d</controlfield><datafield ind1=" " ind2=" " tag="010"><subfield code="a">sn 83031756 </subfield></datafield><datafield ind1=" " ind2=" " tag="040"><subfield code="a">NPU</subfield><subfield code="b">eng</subfield><subfield code="c">NPU</subfield><subfield code="d">NPX</subfield><subfield code="d">NYS</subfield><subfield code="d">OCL</subfield><subfield code="d">OCLCQ</subfield></datafield><datafield ind1=" " ind2=" " tag="042"><subfield code="a">msc</subfield></datafield><datafield ind1="0" ind2=" " tag="130"><subfield code="a">Walton chronicle (Walton, N.Y. : 1871)</subfield></datafield><datafield ind1="1" ind2="4" tag="245"><subfield code="a">The Walton chronicle.</subfield></datafield><datafield ind1=" " ind2=" " tag="260"><subfield code="a">Walton, N.Y. :</subfield><subfield code="b">A.D. Hitchcock</subfield></datafield><datafield ind1=" " ind2=" " tag="300"><subfield code="a">v. ;</subfield><subfield code="c">61 cm.</subfield></datafield><datafield ind1=" " ind2=" " tag="310"><subfield code="a">Semiweekly,</subfield><subfield code="b">Apr. 26, 1898-&lt;Dec. 29, 1898&gt;</subfield></datafield><datafield ind1=" " ind2=" " tag="321"><subfield code="a">Weekly,</subfield><subfield code="b">1871-Apr. 21, 1898</subfield></datafield><datafield ind1="0" ind2=" " tag="362"><subfield code="a">Vol. 3, no. 105 (Feb. 8, 1871)-</subfield></datafield><datafield ind1="1" ind2=" " tag="362"><subfield code="a">Ceased in 1901?</subfield><subfield code="z">Cf. Faibisoff, S.G. Bibl. of newspapers in 14 N.Y. counties.</subfield></datafield><datafield ind1=" " ind2=" " tag="500"><subfield code="a">Publishers: A.D. Hitchcock, 1871; Hitchcock &amp; Bruce, 1871-&lt;1872&gt;; William A. White, &lt;1873-1879&gt;; William A. White &amp; Son, &lt;1883&gt;; Chronicle Association, &lt;1893&gt;.</subfield></datafield><datafield ind1=" " ind2=" " tag="500"><subfield code="a">"Republican," &lt;1876&gt;.</subfield></datafield><datafield ind1=" " ind2=" " tag="500"><subfield code="a">Published on Thursday, &lt;Apr. 21, 1898&gt;.</subfield></datafield><datafield ind1=" " ind2=" " tag="515"><subfield code="a">Semiweekly issues for each Tuesday and Friday have same numbering and are designated: Section I (Tues.) and section II (Fri.).</subfield></datafield><datafield ind1=" " ind2=" " tag="515"><subfield code="a">Jan. 7, 1897 issue misdated Jan. 7, 1896.</subfield></datafield><datafield ind1=" " ind2="4" tag="651"><subfield code="a">Walton (N.Y.)</subfield><subfield code="v">Newspapers.</subfield></datafield><datafield ind1=" " ind2=" " tag="752"><subfield code="a">United States</subfield><subfield code="b">New York</subfield><subfield code="c">Delaware</subfield><subfield code="d">Walton.</subfield></datafield><datafield ind1="0" ind2="0" tag="780"><subfield code="t">Walton weekly chronicle</subfield><subfield code="w">(DLC)sn 91066808</subfield></datafield><datafield ind1="0" ind2="7" tag="785"><subfield code="t">Walton times</subfield><subfield code="w">(DLC)sn 91066809</subfield><subfield code="w">(OCoLC)24703748</subfield></datafield><datafield ind1="0" ind2="7" tag="785"><subfield code="t">Walton chronicle-times</subfield><subfield code="w">(DLC)sn 93063889</subfield></datafield><datafield ind1="1" ind2=" " tag="029"><subfield code="a">AU@</subfield><subfield code="b">000021431735</subfield></datafield></record>